% Programatická řešení

@inproceedings{FeedbackDirectedRT,
  title={Feedback-Directed Random Test Generation},
  author={Carlos Pacheco and Shuvendu K. Lahiri and Michael D. Ernst and Thomas Ball},
  booktitle={ICSE '07},
  year={2007},
  organization={IEEE Computer Society},
  address={Washington, DC, USA},
  url={https://homes.cs.washington.edu/~mernst/pubs/feedback-testgen-icse2007.pdf},
}

@online{IntelliTestInputGeneration2023,
  author = {{Microsoft}},
  title = {Dynamic symbolic execution - Visual Studio (Windows)},
  year = {2023},
  month = {March},
  day = {10},
  url = {https://learn.microsoft.com/en-us/visualstudio/test/intellitest-manual/input-generation?view=vs-2022},
  url = "\url{https://learn.microsoft.com/en-us/visualstudio/test/intellitest-manual/input-generation?view=vs-2022}",
  note = {Čteno: 2023-10-10}
}

@online{microsoft2023testgen,
  title = {Test generation - Visual Studio (Windows)},
  author = {{Microsoft}},
  year = {2023},
  month = {3},
  day = {10},
  url = {https://learn.microsoft.com/en-us/visualstudio/test/intellitest-manual/test-generation?view=vs-2022},
  note = {Čteno: 2023-10-10},
  urldate = {2023-10-10},
  howpublished = {\url{https://learn.microsoft.com/en-us/visualstudio/test/intellitest-manual/test-generation?view=vs-2022}},
  description = {Learn how IntelliTest generates test cases from methods of your implementation, then generates inputs for the methods and check assertions over the data.}
}

@misc{parizek_symbolic_execution,
  author = {Parízek, Pavel},
  title = {Symbolic Execution},
  howpublished = {Online},
  note = {Lecture notes for Program Analysis and Verification course},
  url = {https://d3s.mff.cuni.cz/legacy/teaching/program_analysis_verification/files/lecture03.pdf},
  url = "\url{https://d3s.mff.cuni.cz/legacy/teaching/program_analysis_verification/files/lecture03.pdf}",
}

@inproceedings{engler2006exe,
  title={EXE: Automatically Generating Inputs of Death},
  author={Engler, Dawson and Chen, David Yu},
  booktitle={Proceedings of the 13th ACM Conference on Computer and Communications Security (CCS)},
  pages={322--335},
  year={2006},
  organization={ACM},
  address={New York, NY, USA},
  doi={10.1145/1180405.1180445}
}

@inproceedings{sen2005cute,
  title={CUTE: A Concolic Unit Testing Engine for C},
  author={Sen, Koushik and Marinov, Darko and Agha, Gul},
  booktitle={ESEC/FSE-13: Proceedings of the 10th European Software Engineering Conference held jointly with 13th ACM SIGSOFT International Symposium on Foundations of Software Engineering},
  year={2005},
  organization={ACM},
  address={New York, NY, USA},
  note={Available at the University of Illinois at Urbana-Champaign},
  url={https://web.archive.org/web/20100629114645/http://srl.cs.berkeley.edu/~ksen/papers/C159-sen.pdf}
}

@inproceedings{zhou2006safedrive,
  title={SafeDrive: Safe and Recoverable Extensions Using Language-Based Techniques},
  author={Zhou, Feng and Condit, Jeremy and Anderson, Zachary and Bagrak, Ilya and Ennals, Rob and Harren, Matthew and Necula, George and Brewer, Eric},
  booktitle={Proceedings of the 7th Symposium on Operating Systems Design and Implementation},
  pages={45--60},
  year={2006},
  organization={USENIX Association},
  address={Seattle, WA},
  note={Available at Bell Labs},
  url={https://web.archive.org/web/20080829223442/http://cm.bell-labs.com/who/god/public_psfiles/pldi2005.pdf}
}

@book{fuzzing,
    author = {Sutton, Michael and Greene, Adam and Amini, Pedram},
    title = {Fuzzing: Brute Force Vulnerability Discovery},
    year = {2007},
    isbn = {0321446119},
    publisher = {Addison-Wesley Professional}
}

@article{CAMPOS2018207,
    title = {An empirical evaluation of evolutionary algorithms for unit test suite generation},
    journal = {Information and Software Technology},
    volume = {104},
    pages = {207-235},
    year = {2018},
    issn = {0950-5849},
    doi = {https://doi.org/10.1016/j.infsof.2018.08.010},
    url = {https://www.sciencedirect.com/science/article/pii/S0950584917304858},
    author = {José Campos and Yan Ge and Nasser Albunian and Gordon Fraser and Marcelo Eler and Andrea Arcuri},
    keywords = {Evolutionary algorithms, Test suite generation, Empirical study},
}

@article{abs-2111-05003,
  author       = {Stephan Lukasczyk and
                  Florian Kroi{\ss} and
                  Gordon Fraser},
  title        = {An Empirical Study of Automated Unit Test Generation for Python},
  journal      = {CoRR},
  volume       = {abs/2111.05003},
  year         = {2021},
  url          = {https://arxiv.org/abs/2111.05003},
  eprinttype    = {arXiv},
  eprint       = {2111.05003},
  timestamp    = {Sun, 02 Oct 2022 15:32:29 +0200},
  biburl       = {https://dblp.org/rec/journals/corr/abs-2111-05003.bib},
  bibsource    = {dblp computer science bibliography, https://dblp.org}
}

@mastersthesis{Saes2018UnitTestGeneration,
  author       = {Laurence Saes},
  title        = {Unit test Generation Using Machine Learning},
  school       = {Universiteit van Amsterdam},
  year         = {2018},
  note         = {\url{https://research.infosupport.com/wp-content/uploads/Unit-test-generation-using-machine-Master-Thesis-Laurence-Saes.pdf}}
}

% Dosavadní práce

@article{schafer2023empirical,
  title={An Empirical Evaluation of Using Large Language Models for Automated Unit Test Generation},
  author={Schäfer, Max and Nadi, Sarah and Eghbali, Aryaz and Tip, Frank},
  journal={arXiv preprint arXiv:2302.06527},
  year={2023},
  url={https://arxiv.org/pdf/2302.06527.pdf}
}

@article{StarCoder2023,
  title={StarCoder: may the source be with you!},
  author={Raymond Li and Loubna Ben Allal and Yangtian Zi and Niklas Muennighoff and Denis Kocetkov and others},
  journal={arXiv preprint arXiv:2305.06161},
  year={2023}
}

@misc{lozhkov2024starcoder,
    title={StarCoder 2 and The Stack v2: The Next Generation},
    author={Anton Lozhkov , Raymond Li , Loubna Ben Allal , Federico Cassano , Joel Lamy-Poirier , Nouamane Tazi , Ao Tang , Dmytro Pykhtar , Jiawei Liu , Yuxiang Wei , Tianyang Liu , Max Tian , Denis Kocetkov , Arthur Zucker , Younes Belkada , Zijian Wang , Qian Liu , Dmitry Abulkhanov , Indraneil Paul , Zhuang Li , Wen-Ding Li , Megan Risdal , Jia Li , Jian Zhu , Terry Yue Zhuo , Evgenii Zheltonozhskii , Nii Osae Osae Dade , Wenhao Yu , Lucas Krauß , Naman Jain , Yixuan Su , Xuanli He , Manan Dey , Edoardo Abati , Yekun Chai , Niklas Muennighoff , Xiangru Tang , Muhtasham Oblokulov , Christopher Akiki , Marc Marone , Chenghao Mou , Mayank Mishra , Alex Gu , Binyuan Hui , Tri Dao , Armel Zebaze , Olivier Dehaene , Nicolas Patry , Canwen Xu , Julian McAuley , Han Hu , Torsten Scholak , Sebastien Paquet , Jennifer Robinson , Carolyn Jane Anderson , Nicolas Chapados , Mostofa Patwary , Nima Tajbakhsh , Yacine Jernite , Carlos Muñoz Ferr,is , Lingming Zhang , Sean Hughes , Thomas Wolf , Arjun Guha , Le,ro von Werra , Harm de Vries},
    year={2024},
    howpublished={Under review as a submission to TMLR},
    url={https://arxiv.org/pdf/2402.19173.pdf}
}


@article{siddiq2023exploring,
  title={Exploring the Effectiveness of Large Language Models in Generating Unit Tests},
  author={Siddiq, Mohammed Latif and Santos, Joanna C. S. and Tanvir, Ridwanul Hasan and Ulfat, Noshin and Rifat, Fahmid Al and Lopes, Vinicius Carvalho},
  journal={arXiv preprint arXiv:2305.00418},
  year={2023}
}

@online{testsmells,
  title = {Test Smells},
  year = {2021},
  url = {https://testsmells.org/pages/testsmells.html},
  howpublished = "\url{https://testsmells.org/pages/testsmells.html}",
  note = {Čteno: 23.10.2023}
}

@misc{BigCode2023,
  author = {BigCode Project},
  title = {CodeML OpenRAIL-M 0.1 License},
  year = {2023},
  url = {https://www.bigcode-project.org/docs/pages/model-license/},
  url = "\url{https://www.bigcode-project.org/docs/pages/model-license/}",
  note = {Čteno: 23.10.2023}
}

@thesis{jutai,
    title={Java Unit Testing with AI: An AI-Driven Prototype for Unit Test Generation},
    author={Katrin Kahur, Jennifer Su},
    year={2023},
    school={KTH Royal Institute of Technology}
}

% TBUIS

@mastersthesis{Matyas2018,
  author = {Jiří Matyáš},
  title = {Aplikace s možností injekce chyb pro ověřování kvality testů},
  school = {University of West Bohemia},
  year = {2018},
  url = {https://projects.kiv.zcu.cz/tbuis/web/files/uis/kp/DP-Matyas.pdf},
  note = {Accessed: 2024-04-18}
}

@mastersthesis{Smaus2019,
  author = {Jakub Šmaus},
  title = {Rozhraní pro administraci aplikace s možností injekce chyb},
  school = {University of West Bohemia},
  year = {2019},
  url = {https://projects.kiv.zcu.cz/tbuis/web/files/uis/kp/DP-Smaus.pdf},
  note = {Accessed: 2024-04-18}
}

@thesis{Poubova2019,
  author = {Jitka Poubová},
  title = {Generování automatizovaných funkcionálních testů},
  school = {University of West Bohemia},
  year = {2019},
  url = {https://projects.kiv.zcu.cz/tbuis/web/files/uis/kp/BP-Poubova.pdf},
  note = {Accessed: 2024-04-18}
}

@mastersthesis{Vais2020,
  author = {Radek Vais},
  title = {Akceptační testování v projektu TbUIS},
  school = {University of West Bohemia},
  year = {2020},
  url = {https://projects.kiv.zcu.cz/tbuis/web/files/uis/kp/DP-Vais.pdf},
  note = {Accessed: 2024-04-18}
}

% Runtimes

@online{ggerganov_gguf,
title = {GGUF},
url = {https://github.com/ggerganov/ggml/blob/master/docs/gguf.md},
author = {Gerganov, Georgi},
year = {2024},
month = {Apr},
urldate = {2024-04-23}
}

@online{huggingface_gguf,
title = {GGUF},
url = {https://huggingface.co/docs/hub/en/gguf},
author = {Hugging Face},
year = {2024},
month = {Apr},
urldate = {2024-04-23}
}

@online{huggingface_quantization,
title = {Quantization},
url = {https://huggingface.co/docs/optimum/concept_guides/quantization},
author =  {Hugging Face},
year = {2024},
month = {Apr},
urldate = {2024-04-23}
}
