@article{schafer2023empirical,
  title={An Empirical Evaluation of Using Large Language Models for Automated Unit Test Generation},
  author={Schäfer, Max and Nadi, Sarah and Eghbali, Aryaz and Tip, Frank},
  journal={arXiv preprint arXiv:2302.06527},
  year={2023},
  url={https://arxiv.org/pdf/2302.06527.pdf}
}

@article{StarCoder2023,
  title={StarCoder: may the source be with you!},
  author={Raymond Li and Loubna Ben Allal and Yangtian Zi and Niklas Muennighoff and Denis Kocetkov and others},
  journal={arXiv preprint arXiv:2305.06161},
  year={2023}
}

@article{siddiq2023exploring,
  title={Exploring the Effectiveness of Large Language Models in Generating Unit Tests},
  author={Siddiq, Mohammed Latif and Santos, Joanna C. S. and Tanvir, Ridwanul Hasan and Ulfat, Noshin and Rifat, Fahmid Al and Lopes, Vinicius Carvalho},
  journal={arXiv preprint arXiv:2305.00418},
  year={2023}
}

@online{testsmells,
  title = {Test Smells},
  year = {2021},
  url = {https://testsmells.org/pages/testsmells.html},
  howpublished = "\url{https://testsmells.org/pages/testsmells.html}",
  note = {Čteno: 23.10.2023}
}

@misc{BigCode2023,
  author = {BigCode Project},
  title = {CodeML OpenRAIL-M 0.1 License},
  year = {2023},
  url = {https://www.bigcode-project.org/docs/pages/model-license/},
  url = "\url{https://www.bigcode-project.org/docs/pages/model-license/}",
  note = {Čteno: 23.10.2023}
}
